@book{pozar2011,
  title     = "Microwave Engineering",
  author    = "David M. Pozar",
  year      = 2011,
  publisher = "John Wiley & Sons Inc",
}

@book{gonzalez1996,
  title     = "Microwave Transistor Amplifiers: Analysis and Design",
  author    = "Guillermo Gonzalez",
  year      = 1996,
  publisher = "Pearson",
}

@book{besser2003,
  title     = "Practical RF Circuit Design for Modern Wireless Systems: Active Circuits and Systems",
  author    = "Rowan Gilmore, Les Besser",
  year      = 2003,
  publisher = "Artech House Publishers",
}

@INPROCEEDINGS{6470073,
  author={Taunk, B. R. and Zaveri, Purvi},
  booktitle={2012 1st International Conference on Emerging Technology Trends in Electronics, Communication & Networking}, 
  title={Design of Low Noise Amplifier using BFP 540 and BFP 640}, 
  year={2012},
  volume={},
  number={},
  pages={1-8},
  doi={10.1109/ET2ECN.2012.6470073}
}


@Manual{bfp640,
  title        = {BFP640},
  year         = {2019},
  number       = {BFP640, Surface mount high linearity silicon NPN RF bipolar transistor},
  note         = {Rev. 3.0},
  organization = {Infineon Technology},
  url          = {https://www.infineon.com/dgdl/Infineon-BFP640-DS-v03_00-EN.pdf?fileId=5546d462689a790c01690f03a9ca3928},
}


@Manual{ro4350b,
  title        = {RO4000® Series, High Frequency Circuit Materials},
  number       = {RO4350B},
  organization = {Rogers Corporation},
  url          = {https://www.rogerscorp.com/-/media/project/rogerscorp/documents/advanced-electronics-solutions/english/data-sheets/ro4000-laminates-ro4003c-and-ro4350b---data-sheet.pdf},
}

@Manual{an082,
  title        = {A Low-Cost, Two-Stage Low Noise Amplifier for 5 – 6 GHz Applications Using the Silicon-Germanium BFP640 Transistor},
  year         = {2003},
  number       = {082},
  note         = {Rev. D},
  organization = {Infineon Technology},
  url          = {https://www.homemade.net/~s56wan/10Mbps/AN_082_RevD-zanimivo.pdf},
}